@ARTICLE{2023PSJ.....4..206R,
       author = {{Roth}, Nathan X. and {Milam}, Stefanie N. and {Remijan}, Anthony J. and {Cordiner}, Martin A. and {Busch}, Michael W. and {Thomas}, Cristina A. and {Rivkin}, Andrew S. and {Moullet}, Arielle and {Roush}, Ted L. and {Siebert}, Mark A. and {Li}, Jian-Yang and {Fahnestock}, Eugene G. and {Trigo-Rodr{\'\i}guez}, Josep M. and {Opitom}, Cyrielle and {Hirabayashi}, Masatoshi},
        title = "{ALMA Observations of the DART Impact: Characterizing the Ejecta at Submillimeter Wavelengths}",
      journal = {\psj},
     keywords = {Asteroids, Near-Earth objects, Radio astronomy, Radio interferometry, High resolution spectroscopy, Impact phenomena, 72, 1092, 1338, 1346, 2096, 779, Astrophysics - Earth and Planetary Astrophysics},
         year = 2023,
        month = nov,
       volume = {4},
       number = {11},
          eid = {206},
        pages = {206},
          doi = {10.3847/PSJ/acfcaa},
archivePrefix = {arXiv},
       eprint = {2306.05908},
 primaryClass = {astro-ph.EP},
       adsurl = {https://ui.adsabs.harvard.edu/abs/2023PSJ.....4..206R},
      adsnote = {Provided by the SAO/NASA Astrophysics Data System}
}

