@ARTICLE{Roth2023,
       author = {{Roth}, Nathan X. and {Milam}, Stefanie N. and {Remijan}, Anthony J. and {Cordiner}, Martin A. and {Busch}, Michael W. and {Thomas}, Cristina A. and {Rivkin}, Andrew S. and {Moullet}, Arielle and {Roush}, Ted L. and {Siebert}, Mark A. and {Li}, Jian-Yang and {Fahnestock}, Eugene G. and {Trigo-Rodr{\'\i}guez}, Josep M. and {Opitom}, Cyrielle and {Hirabayashi}, Masatoshi},
        title = "{ALMA Observations of the DART Impact: Characterizing the Ejecta at Submillimeter Wavelengths}",
      journal = {\psj},
     keywords = {Asteroids, Near-Earth objects, Radio astronomy, Radio interferometry, High resolution spectroscopy, Impact phenomena, 72, 1092, 1338, 1346, 2096, 779, Astrophysics - Earth and Planetary Astrophysics},
         year = 2023,
        month = nov,
       volume = {4},
       number = {11},
          eid = {206},
        pages = {206},
          doi = {10.3847/PSJ/acfcaa},
archivePrefix = {arXiv},
       eprint = {2306.05908},
 primaryClass = {astro-ph.EP},
       adsurl = {https://ui.adsabs.harvard.edu/abs/2023PSJ.....4..206R},
      adsnote = {Provided by the SAO/NASA Astrophysics Data System}
}

@ARTICLE{Boissier2012,
       author = {{Boissier}, J. and {Bockel{\'e}e-Morvan}, D. and {Biver}, N. and {Crovisier}, J. and {Lellouch}, E. and {Moreno}, R. and {Zakharov}, V.},
        title = "{Interferometric mapping of the 3.3-mm continuum emission of comet 17P/Holmes after its 2007 outburst}",
      journal = {\aap},
     keywords = {techniques: interferometric, comets: individual: 17P/Holmes, radio continuum: planetary systems, Astrophysics - Earth and Planetary Astrophysics},
         year = 2012,
        month = jun,
       volume = {542},
          eid = {A73},
        pages = {A73},
          doi = {10.1051/0004-6361/201219001},
archivePrefix = {arXiv},
       eprint = {1205.0432},
 primaryClass = {astro-ph.EP},
       adsurl = {https://ui.adsabs.harvard.edu/abs/2012A&A...542A..73B},
      adsnote = {Provided by the SAO/NASA Astrophysics Data System}
}

@ARTICLE{Lellouch2022,
       author = {{Lellouch}, E. and {Moreno}, R. and {Bockel{\'e}e-Morvan}, D. and {Biver}, N. and {Santos-Sanz}, P.},
        title = "{Size and albedo of the largest detected Oort-cloud object: Comet C/2014 UN$_{271}$ (Bernardinelli-Bernstein)}",
      journal = {\aap},
     keywords = {comets: individual: C/2014 UN271 (Bernardinelli-Bernstein), Astrophysics - Earth and Planetary Astrophysics},
         year = 2022,
        month = mar,
       volume = {659},
          eid = {L1},
        pages = {L1},
          doi = {10.1051/0004-6361/202243090},
archivePrefix = {arXiv},
       eprint = {2201.13188},
 primaryClass = {astro-ph.EP},
       adsurl = {https://ui.adsabs.harvard.edu/abs/2022A&A...659L...1L},
      adsnote = {Provided by the SAO/NASA Astrophysics Data System}
}

@inproceedings{McMullin2007,
	Address = {San Francisco, CA},
	Author = {{McMullin}, J. P. and {Waters}, B. and {Schiebel}, D. and {Young}, W. and {Golap}, K.},
	Booktitle = {Astronomical Data Analysis Software and Systems XVI ASP Conference Series},
	Date-Added = {2020-06-10 10:29:33 -0400},
	Date-Modified = {2020-06-10 12:36:51 -0400},
	Editor = {{Shaw}, R. A. and {Hill}, F. and {Bell}, D. J.},
	Pages = {127},
	Publisher = {ASP},
	Title = {CASA Architecture and Applications},
	Volume = {376},
	Year = {2007}}

@ARTICLE{Nixon2020,
       author = {{Nixon}, Conor A. and {Thelen}, Alexander E. and {Cordiner}, Martin A. and {Kisiel}, Zbigniew and {Charnley}, Steven B. and {Molter}, Edward M. and {Serigano}, Joseph and {Irwin}, Patrick G.~J. and {Teanby}, Nicholas A. and {Kuan}, Yi-Jehng},
        title = "{Detection of Cyclopropenylidene on Titan with ALMA}",
      journal = {\aj},
     keywords = {Saturnian satellites, Molecular spectroscopy, Radio spectroscopy, Planetary atmospheres, Atmospheric composition, Pre-biotic astrochemistry, Astrochemistry, Cosmochemistry, Solar system, Solar system astronomy, Planetary science, 1427, 2095, 1359, 1244, 2120, 2079, 75, 331, 1528, 1529, 1255, Astrophysics - Earth and Planetary Astrophysics},
         year = 2020,
        month = nov,
       volume = {160},
       number = {5},
          eid = {205},
        pages = {205},
          doi = {10.3847/1538-3881/abb679},
archivePrefix = {arXiv},
       eprint = {2010.12743},
 primaryClass = {astro-ph.EP},
       adsurl = {https://ui.adsabs.harvard.edu/abs/2020AJ....160..205N},
      adsnote = {Provided by the SAO/NASA Astrophysics Data System}
}
